@misc{	vgasite,
    	author  	= {Digilentic},
    	year		= {2014},
    	title  		= {Learn.Digilentic| VGA Display Controller},
    	howpublished={\newline\url{https://learn.digilentinc.com/Documents/269}}
}

@misc{	vgapic,
		author		= {Anders Nilsson},
		title		= {VGA-lab, TSEA83 Datorkonstruktion},
		year		= {2016},
		howpublished={\newline\url{http://www.isy.liu.se/edu/kurs/TSEA83/tex/lab_vga.pdf}}
}

@misc{	analogsite,
		author		= {Analog.com},
		title		= {Analog to Digital Converters | Analog Devices},
		howpublished={\newline\url{http://www.analog.com/en/products/analog-to-digital-converters.html}}
}

@book{	tsea82_2014,
		author		= {Michael Josefsson och Anders Nilsson (korrektur 2014)},
		year		= {2014},
		title		= {Föreläsningsunderlag TSEA82 Datorteknik D}
}

@book{	adcpic,
		author		= {Bhagwandas Pannalal Lathi},
		year		= {2005},
		title		= {Linear Systems and Signals, Second Edition}
}